
%% Coloque aqui suas referências no formato bibtex.

%MASCARENHAS, Sidnei A. (Org.) Metodologia científica. São Paulo: Pearson Education do Brasil, 2012.
@book{mascarenhas_2012,
	Address={São Paulo},
	Editor={Sidnei A. Mascarenhas}, 
	editortype={Org.},
	Publisher={Pearson Education do Brasil},
	Title={Metodologia Científica},
	Year={2012}
}

